<?xml version="1.0" encoding="UTF-8"?><collection xmlns="http://www.loc.gov/MARC21/slim"><record><leader>00509nam--2200181-i-4500</leader><controlfield tag="001">000040110</controlfield><controlfield tag="002">20161230</controlfield><controlfield tag="005">20161230201042</controlfield><controlfield tag="008">060222s1000------------r-----000-0-fre-d</controlfield><datafield ind1=" " ind2=" " tag="040"><subfield code="a">IFIN-HH</subfield></datafield><datafield ind1=" " ind2=" " tag="041"><subfield code="a">fre</subfield></datafield><datafield ind1=" " ind2=" " tag="080"><subfield code="a">519.963(043)</subfield></datafield><datafield ind1="1" ind2=" " tag="100"><subfield code="a">Sakarovitch,Michel</subfield></datafield><datafield ind1="1" ind2="0" tag="245"><subfield code="a">Sur quelques problems d`optimisation combinatoire</subfield><subfield code="b">These</subfield><subfield code="c">Michel sakarovitch</subfield></datafield><datafield ind1=" " ind2=" " tag="260"><subfield code="a">Grenoble</subfield><subfield code="b">Universite Scientifique Et Medicale</subfield><subfield code="c">1975</subfield></datafield><datafield ind1=" " ind2=" " tag="300"><subfield code="a">141 P</subfield></datafield><datafield ind1=" " ind2=" " tag="852"><subfield code="a">44078</subfield><subfield code="c">519.4/5</subfield></datafield><datafield ind1=" " ind2=" " tag="CAT"><subfield code="a">Sys</subfield><subfield code="c">20130813</subfield><subfield code="h">150550</subfield></datafield></record></collection>